<?xml version="1.0" encoding="UTF-8"?>
<OAI-PMH xmlns="http://www.openarchives.org/OAI/2.0/" xmlns:xsi="http://www.w3.org/2001/XMLSchema-instance" xsi:schemaLocation="http://www.openarchives.org/OAI/2.0/ http://www.openarchives.org/OAI/2.0/OAI-PMH.xsd">
  <ListRecords>
    <record>
      <header>
        <identifier>aleph-publish:021078198</identifier>
      </header>
      <metadata>
        <record xmlns="http://www.ddb.de/professionell/mabxml/mabxml-1.xsd">
          <leader>------M2.01200024------u</leader>
          <controlfield tag="LDR">------M2.01200024------u</controlfield>
          <controlfield tag="FMT">MU</controlfield>
          <datafield tag="001" ind1="-" ind2="1">
            <subfield code="a">HT018907266</subfield>
          </datafield>
          <datafield tag="001" ind1="-" ind2="2">
            <subfield code="a">HT018907246</subfield>
          </datafield>
          <datafield tag="002" ind1="a" ind2="1">
            <subfield code="a">20160307</subfield>
          </datafield>
          <datafield tag="002" ind1="a" ind2="2">
            <subfield code="a">20160307</subfield>
          </datafield>
          <datafield tag="003" ind1="-" ind2="1">
            <subfield code="a">20210602</subfield>
          </datafield>
          <datafield tag="003" ind1="-" ind2="2">
            <subfield code="a">20160317</subfield>
          </datafield>
          <datafield tag="010" ind1="-" ind2="1">
            <subfield code="a">HT018907246</subfield>
          </datafield>
          <datafield tag="025" ind1="o" ind2="1">
            <subfield code="a">1074423318</subfield>
          </datafield>
          <datafield tag="025" ind1="o" ind2="2">
            <subfield code="a">1073369029</subfield>
          </datafield>
          <datafield tag="026" ind1="-" ind2="1">
            <subfield code="a">HBZHT018907266</subfield>
          </datafield>
          <datafield tag="026" ind1="-" ind2="2">
            <subfield code="a">HBZHT018907246</subfield>
          </datafield>
          <controlfield tag="030">a|zur||||||||</controlfield>
          <datafield tag="036" ind1="a" ind2="2">
            <subfield code="a">DE</subfield>
          </datafield>
          <datafield tag="037" ind1="b" ind2="1">
            <subfield code="a">eng</subfield>
          </datafield>
          <datafield tag="037" ind1="b" ind2="2">
            <subfield code="a">eng</subfield>
          </datafield>
          <controlfield tag="050">|||||ce|g|||||</controlfield>
          <datafield tag="060" ind1="-" ind2="1">
            <subfield code="b">tdi</subfield>
            <subfield code="a">zweidimensionales bewegtes Bild</subfield>
          </datafield>
          <datafield tag="060" ind1="-" ind2="2">
            <subfield code="b">tdi</subfield>
            <subfield code="a">zweidimensionales bewegtes Bild</subfield>
          </datafield>
          <datafield tag="061" ind1="-" ind2="1">
            <subfield code="b">c</subfield>
            <subfield code="a">Computermedien</subfield>
          </datafield>
          <datafield tag="061" ind1="-" ind2="2">
            <subfield code="b">c</subfield>
            <subfield code="a">Computermedien</subfield>
          </datafield>
          <datafield tag="062" ind1="-" ind2="1">
            <subfield code="b">cr</subfield>
            <subfield code="a">Online-Ressource</subfield>
          </datafield>
          <datafield tag="062" ind1="-" ind2="2">
            <subfield code="b">cr</subfield>
            <subfield code="a">Online-Ressource</subfield>
          </datafield>
          <datafield tag="070" ind1="-" ind2="1">
            <subfield code="a">38 M</subfield>
          </datafield>
          <datafield tag="070" ind1="-" ind2="2">
            <subfield code="a">38 M</subfield>
          </datafield>
          <datafield tag="070" ind1="b" ind2="1">
            <subfield code="a">38 M</subfield>
          </datafield>
          <datafield tag="070" ind1="b" ind2="2">
            <subfield code="a">38 M</subfield>
          </datafield>
          <datafield tag="078" ind1="i" ind2="1">
            <subfield code="a">iall</subfield>
          </datafield>
          <datafield tag="078" ind1="r" ind2="1">
            <subfield code="a">38 M: ellinet; GND: (DE-588)1049797671</subfield>
          </datafield>
          <datafield tag="078" ind1="r" ind2="2">
            <subfield code="a">38 M: ellinet; GND: (DE-588)1049797671</subfield>
          </datafield>
          <datafield tag="080" ind1="-" ind2="1">
            <subfield code="a">60</subfield>
          </datafield>
          <datafield tag="080" ind1="-" ind2="2">
            <subfield code="a">60</subfield>
          </datafield>
          <controlfield tag="089">Part 1</controlfield>
          <datafield tag="090" ind1="-" ind2="1">
            <subfield code="a">1</subfield>
          </datafield>
          <datafield tag="100" ind1="-" ind2="2">
            <subfield code="p">Haas, Simone</subfield>
            <subfield code="9">(DE-588)1080327010</subfield>
          </datafield>
          <datafield tag="104" ind1="a" ind2="2">
            <subfield code="p">Kullmer, Bettina</subfield>
            <subfield code="9">(DE-588)1080327355</subfield>
          </datafield>
          <datafield tag="108" ind1="a" ind2="2">
            <subfield code="p">Lindstädt, Birte</subfield>
            <subfield code="9">(DE-588)105204266X</subfield>
          </datafield>
          <datafield tag="112" ind1="a" ind2="2">
            <subfield code="p">Pletsch, Katja</subfield>
            <subfield code="9">(DE-588)1080064435</subfield>
          </datafield>
          <datafield tag="116" ind1="b" ind2="2">
            <subfield code="p">Arning, Ursula</subfield>
            <subfield code="4">ctb</subfield>
            <subfield code="3">Mitwirkender</subfield>
            <subfield code="9">(DE-588)1072011352</subfield>
          </datafield>
          <datafield tag="120" ind1="b" ind2="2">
            <subfield code="p">Schmitz, Jasmin</subfield>
            <subfield code="4">ctb</subfield>
            <subfield code="3">Mitwirkender</subfield>
            <subfield code="9">(DE-588)1088345387</subfield>
          </datafield>
          <datafield tag="303" ind1="-" ind2="2">
            <subfield code="p">Haas, Simone</subfield>
            <subfield code="t">Digital Object Identifier (DOIs) für Forschungsdaten und Publikationen in den Lebenswissenschaften</subfield>
          </datafield>
          <datafield tag="331" ind1="-" ind2="1">
            <subfield code="a">DOI registration with ZB MED</subfield>
          </datafield>
          <datafield tag="331" ind1="-" ind2="2">
            <subfield code="a">Digital object identifiers (DOIs) for research data and publications in the field of life sciences</subfield>
          </datafield>
          <datafield tag="359" ind1="-" ind2="2">
            <subfield code="a">created by: Simone Haas, Bettina Kullmer, Birte Lindstädt, Katja Pletsch ; with the assistance of: Ursula Arning, Jasmin Schmitz</subfield>
          </datafield>
          <datafield tag="419" ind1="-" ind2="1">
            <subfield code="c">[2016]</subfield>
          </datafield>
          <datafield tag="419" ind1="-" ind2="2">
            <subfield code="a">[Köln]</subfield>
            <subfield code="b">ZB MED - Leibniz Information Centre for Life Sciences</subfield>
            <subfield code="c">[2016]</subfield>
          </datafield>
          <datafield tag="425" ind1="b" ind2="2">
            <subfield code="a">2016</subfield>
          </datafield>
          <datafield tag="425" ind1="c" ind2="2">
            <subfield code="a">2016</subfield>
          </datafield>
          <datafield tag="425" ind1="a" ind2="1">
            <subfield code="a">2016</subfield>
          </datafield>
          <datafield tag="433" ind1="-" ind2="1">
            <subfield code="a">1 Online-Ressource (1 Videodatei)</subfield>
          </datafield>
          <datafield tag="433" ind1="-" ind2="2">
            <subfield code="a">Online-Ressource (2 Videodateien)</subfield>
          </datafield>
          <datafield tag="444" ind1="a" ind2="1">
            <subfield code="n">Sofern nicht anders angegeben, ist dieses Werk lizenziert unter einer Creative Commons Namensnennung - Keine Bearbeitungen 4.0 Lizenz</subfield>
            <subfield code="u">https://creativecommons.org/licenses/by-nd/4.0/</subfield>
          </datafield>
          <datafield tag="501" ind1="-" ind2="1">
            <subfield code="a">Sofern nicht anders angegeben, ist dieses Werk lizenziert unter einer Creative Commons Namensnennung - Keine Bearbeitungen 4.0 Lizenz (https://creativecommons.org/licenses/by-nd/4.0/ )</subfield>
          </datafield>
          <datafield tag="552" ind1="a" ind2="1">
            <subfield code="a">10.4126/FRL01-006399748</subfield>
          </datafield>
          <datafield tag="655" ind1="e" ind2="1">
            <subfield code="u">https://repository.publisso.de/resource/frl:6399748</subfield>
            <subfield code="x">Langzeitarchivierung</subfield>
            <subfield code="A">0</subfield>
          </datafield>
          <controlfield tag="SYS">021078198</controlfield>
          <datafield tag="LOW" ind1="-" ind2="1">
            <subfield code="a">KM001</subfield>
          </datafield>
          <datafield tag="088" ind1=" " ind2=" ">
            <subfield code="a">38 M</subfield>
            <subfield code="b">00000099</subfield>
            <subfield code="c">Elektronische Publikation</subfield>
            <subfield code="e">keine ILL</subfield>
          </datafield>
        </record>
      </metadata>
    </record>
  </ListRecords>
</OAI-PMH>
